%% This BibTeX bibliography file was created using BibDesk.
%% http://bibdesk.sourceforge.net/

%% Created for shanxigy at 2018-12-20 22:13:51 +0800 


%% Saved with string encoding Unicode (UTF-8) 



@webpage{github,
	Date-Added = {2018-12-20 14:12:26 +0000},
	Date-Modified = {2018-12-20 14:13:33 +0000},
	Url = {https://github.com/ws826402696/VR_VideoStreaming_Project}}

@inproceedings{Flare,
	Acmid = {3241565},
	Address = {New York, NY, USA},
	Author = {Qian, Feng and Han, Bo and Xiao, Qingyang and Gopalakrishnan, Vijay},
	Booktitle = {Proceedings of the 24th Annual International Conference on Mobile Computing and Networking},
	Isbn = {978-1-4503-5903-0},
	Keywords = {360-degree videos, panoramic videos, smartphones, tiles, video decoding, viewport-adaptation, virtual reality},
	Location = {New Delhi, India},
	Numpages = {16},
	Pages = {99--114},
	Publisher = {ACM},
	Series = {MobiCom '18},
	Title = {Flare: Practical Viewport-Adaptive 360-Degree Video Streaming for Mobile Devices},
	Year = {2018}}

@article{darkadaptation,
	Author = {Normann, Richard A. and Werblin, Frank S.},
	Issn = {0022-1295},
	Journal = {The Journal of General Physiology},
	Number = {1},
	Pages = {37--61},
	Publisher = {Rockefeller University Press},
	Title = {Control of Retinal Sensitivity},
	Volume = {63},
	Year = {1974}}

@article{darkadaptation2,
	Author = {Pugh, E N},
	Journal = {The Journal of Physiology},
	Number = {2},
	Pages = {413-431},
	Title = {Rushton's paradox: rod dark adaptation after flash photolysis.},
	Volume = {248},
	Year = {1975}}

@article{speed,
	Author = {Westerink, Joyce H. D. M and Teunissen, Kees},
	Journal = {Displays},
	Number = {2},
	Pages = {89-97},
	Title = {Perceived sharpness in complex moving images},
	Volume = {16},
	Year = {1995}}

@inproceedings{distance,
	Author = {Chen, Zhenzhong and Guillemot, Christine},
	Booktitle = {Picture Coding Symposium},
	Pages = {1-4},
	Title = {Perception-oriented video coding based on foveated JND model},
	Year = {2009}}

@article{PSPNR,
	Author = {Chou, Chun Hsien and Li, Yun Chin},
	Journal = {IEEE Trans on Circuits and Systems for Video Technology},
	Number = {6},
	Pages = {467-476},
	Title = {Perceptually tuned subband image coder based on the measure of just-noticeable-distortion profile},
	Volume = {5},
	Year = {1995}}

@article{brain,
	Author = {Y. Zhao and L. Yu and Z. Chen and C. Zhu},
	Issn = {1051-8215},
	Journal = {IEEE Transactions on Circuits and Systems for Video Technology},
	Month = {Dec},
	Number = {12},
	Pages = {1890-1902},
	Title = {Video Quality Assessment Based on Measuring Perceptual Noise From Spatial and Temporal Perspectives},
	Volume = {21},
	Year = {2011}}

@article{contrast_masking,
	Author = {Gordon E. Legge and John M. Foley},
	Journal = {J. Opt. Soc. Am.},
	Keywords = {Field size; Fourier transforms; Linear filtering; Spatial filtering; Spatial frequency; Visual contrast sensitivity},
	Month = {Dec},
	Number = {12},
	Pages = {1458--1471},
	Publisher = {OSA},
	Title = {Contrast masking in human vision},
	Volume = {70},
	Year = {1980}}

@article{JND,
	Author = {Chou, Chun Hsien and Chen, Chi Wei},
	Journal = {IEEE Transactions on Circuits and Systems for Video Technology},
	Number = {2},
	Pages = {143-156},
	Title = {A perceptually optimized 3-D subband codec for video communication over wireless channels},
	Volume = {6},
	Year = {1996}}

@article{letter,
	Author = {S.M. Anstis},
	Issn = {0042-6989},
	Journal = {Vision Research},
	Number = {7},
	Pages = {589 - 592},
	Title = {A chart demonstrating variations in acuity with retinal position},
	Volume = {14},
	Year = {1974}}

@inproceedings{viewpoint-driven1,
	Author = {Bao, Yanan and Wu, Huasen and Zhang, Tianxiao and Ramli, Albara Ah and Liu, Xin},
	Booktitle = {IEEE International Conference on Big Data},
	Title = {Shooting a Moving Target: Motion-Prediction-Based Transmission for 360-Degree Videos},
	Year = {2017}}

@article{viewpoint-driven2,
	Author = {Gaddam, Vamsidhar Reddy and Riegler, Michael and Eg, Ragnhild and Halvorsen, Pal and Griwodz, Carsten},
	Journal = {IEEE Transactions on Multimedia},
	Number = {9},
	Pages = {1819-1831},
	Title = {Tiling in Interactive Panoramic Video: Approaches and Evaluation},
	Volume = {18},
	Year = {2016}}

@inproceedings{viewpoint-driven3,
	Author = {Graf, Mario and Timmerer, Christian and Mueller, Christopher},
	Booktitle = {ACM on Multimedia Systems Conference},
	Pages = {261-271},
	Title = {Towards Bandwidth Efficient Adaptive Streaming of Omnidirectional Video over HTTP: Design, Implementation, and Evaluation},
	Year = {2017}}

@article{viewpoint-driven4,
	Author = {Hosseini, Mohammad and Swaminathan, Viswanathan},
	Pages = {107-110},
	Title = {Adaptive 360 VR Video Streaming: Divide and Conquer!},
	Year = {2016}}

@inproceedings{viewpoint-driven5,
	Acmid = {3123453},
	Address = {New York, NY, USA},
	Author = {Petrangeli, Stefano and Swaminathan, Viswanathan and Hosseini, Mohammad and De Turck, Filip},
	Booktitle = {Proceedings of the 25th ACM International Conference on Multimedia},
	Isbn = {978-1-4503-4906-2},
	Keywords = {h.265, http adaptive streaming, http/2, server push, tiling, viewport prediction, virtual reality},
	Location = {Mountain View, California, USA},
	Numpages = {9},
	Pages = {306--314},
	Publisher = {ACM},
	Series = {MM '17},
	Title = {An HTTP/2-Based Adaptive Streaming Framework for 360 Virtual Reality Videos},
	Year = {2017}}

@inproceedings{viewpoint-driven6,
	Author = {Zare, Alireza and Aminlou, Alireza and Hannuksela, Miska M. and Gabbouj, Moncef},
	Pages = {601-605},
	Title = {HEVC-compliant Tile-based Streaming of Panoramic Video for Virtual Reality Applications},
	Year = {2016}}

@inproceedings{VPprediction,
	Author = {Qian, Feng and Ji, Lusheng and Han, Bo and Gopalakrishnan, Vijay},
	Booktitle = {The Workshop on All Things Cellular: Operations},
	Pages = {1-6},
	Title = {Optimizing 360 video delivery over cellular networks},
	Year = {2016}}

@INPROCEEDINGS{BOLA, 
author={K. Spiteri and R. Urgaonkar and R. K. Sitaraman}, 
booktitle={IEEE INFOCOM 2016 - The 35th Annual IEEE International Conference on Computer Communications}, 
title={BOLA: Near-optimal bitrate adaptation for online videos}, 
year={2016}, 
volume={}, 
number={}, 
pages={1-9}, 
keywords={Lyapunov matrix equations;optimisation;quality of experience;video signal processing;modern video players;bitrate adaptation;rebuffering;video quality;video providers;quality of experience;utility maximization problem;online control algorithm;BOLA;Lyapunov optimization techniques;time-average utility;network traces;near-optimal utility;reference player implementation;DASH standard;video transmission;Videos;Bit rate;Bandwidth;Internet;Servers;Quality assessment;Internet Video;Video Quality;Adaptive Bitrate Streaming;Lyapunov Optimization;Optimal Control}, 
ISSN={}, 
month={April},}

@inproceedings{MPC,
  title={A Control-Theoretic Approach for Dynamic Adaptive Video Streaming over HTTP},
  author={Yin, Xiaoqi and Jindal, Abhishek and Sekar, Vyas and Sinopoli, Bruno},
  booktitle={ACM Conference on Special Interest Group on Data Communication},
  pages={325-338},
  year={2015},
}

@article{DoF1,
  title={Reducing Visual Discomfort with HMDs Using Dynamic Depth of Field},
  author={Carnegie, K and Rhee, T},
  journal={IEEE Computer Graphics and Applications},
  volume={35},
  number={5},
  pages={34-41},
  year={2015},
}

@article{DoF2,
author = {Hoffman, David M. and Girshick, Ahna R. and Akeley, Kurt and Banks, Martin S.},
title = {Vergenceâ€“accommodation conflicts hinder visual performance and cause visual fatigue},
journal = {Journal of Vision},
volume = {8},
number = {3},
pages = {33},
year = {2008},
}

@article{adaptation1,
  title={Control of retinal sensitivity. I. Light and dark adaptation of vertebrate rods and cones},
  author={Normann, R A and Werblin, F S},
  journal={Journal of General Physiology},
  volume={63},
  number={1},
  pages={37-61},
  year={1974},
}

@inproceedings{luminance1,
  title={A perceptually tuned sub-band image coder with image dependent quantization and post-quantization data compression},
  author={Safranek, R. J. and Johnston, J. D.},
  booktitle={International Conference on Acoustics, Speech, and Signal Processing},
  pages={1945-1948 vol.3},
  year={1989},
}

@INPROCEEDINGS{yolo,
author = {J. Redmon and A. Farhadi},
booktitle = {2017 IEEE Conference on Computer Vision and Pattern Recognition (CVPR)},
title = {YOLO9000: Better, Faster, Stronger},
year = {2017},
volume = {00},
number = {},
pages = {6517-6525},
keywords={Image resolution;Feature extraction;Training;Real-time systems;Object detection;Detectors},
ISSN = {1063-6919},
month={July}
}

@inproceedings{buffer,
 author = {Duanmu, Fanyi and Kurdoglu, Eymen and Hosseini, S. Amir and Liu, Yong and Wang, Yao},
 title = {Prioritized Buffer Control in Two-tier 360 Video Streaming},
 booktitle = {Proceedings of the Workshop on Virtual Reality and Augmented Reality Network},
 series = {VR/AR Network '17},
 year = {2017},
 isbn = {978-1-4503-5055-6},
 location = {Los Angeles, CA, USA},
 pages = {13--18},
 numpages = {6},
 acmid = {3097898},
 publisher = {ACM},
 address = {New York, NY, USA},
 keywords = {360 Degree Video, Buffer Control, Video Streaming, Virtual Reality},
} 

@inproceedings{bandwidth1,
 author = {Han, Bo and Qian, Feng and Ji, Lusheng and Gopalakrishnan, Vijay},
 title = {MP-DASH: Adaptive Video Streaming Over Preference-Aware Multipath},
 booktitle = {Proceedings of the 12th International on Conference on Emerging Networking EXperiments and Technologies},
 series = {CoNEXT '16},
 year = {2016},
 isbn = {978-1-4503-4292-6},
 location = {Irvine, California, USA},
 pages = {129--143},
 numpages = {15},
 acmid = {2999606},
 publisher = {ACM},
 address = {New York, NY, USA},
 keywords = {adaptive video streaming, cellular, dash, multipath tcp, preference, wifi},
} 

@inproceedings{bandwidth2,
 author = {Mao, Hongzi and Netravali, Ravi and Alizadeh, Mohammad},
 title = {Neural Adaptive Video Streaming with Pensieve},
 booktitle = {Proceedings of the Conference of the ACM Special Interest Group on Data Communication},
 series = {SIGCOMM '17},
 year = {2017},
 isbn = {978-1-4503-4653-5},
 location = {Los Angeles, CA, USA},
 pages = {197--210},
 numpages = {14},
 acmid = {3098843},
 publisher = {ACM},
 address = {New York, NY, USA},
 keywords = {bitrate adaptation, reinforcement learning, video streaming},
} 

@article{bandwidth3,
 author = {Yin, Xiaoqi and Jindal, Abhishek and Sekar, Vyas and Sinopoli, Bruno},
 title = {A Control-Theoretic Approach for Dynamic Adaptive Video Streaming over HTTP},
 journal = {SIGCOMM Comput. Commun. Rev.},
 issue_date = {October 2015},
 volume = {45},
 number = {4},
 month = aug,
 year = {2015},
 issn = {0146-4833},
 pages = {325--338},
 numpages = {14},
 acmid = {2787486},
 publisher = {ACM},
 address = {New York, NY, USA},
 keywords = {bitrate adaptation, dash, internet video, model predictive control},
} 

@inproceedings{VRdataset,
 author = {Wu, Chenglei and Tan, Zhihao and Wang, Zhi and Yang, Shiqiang},
 title = {A Dataset for Exploring User Behaviors in VR Spherical Video Streaming},
 booktitle = {Proceedings of the 8th ACM on Multimedia Systems Conference},
 series = {MMSys'17},
 year = {2017},
 isbn = {978-1-4503-5002-0},
 location = {Taipei, Taiwan},
 pages = {193--198},
 numpages = {6},
 acmid = {3083210},
 publisher = {ACM},
 address = {New York, NY, USA},
 keywords = {Head movement, Spherical Video, Virtual reality},
} 